%% This BibTeX bibliography file was created using BibDesk.
%% http://bibdesk.sourceforge.net/


%% Created for Dana Ernst at 2010-07-28 15:15:49 -0400 


%% Saved with string encoding Unicode (UTF-8) 



@article{Juyumaya.J;Lambropoulou.S:A,
	Author = {J. Juyumaya and S. Lambropoulou},
	Journal = {{\tt arXiv:1007.0092v1 [math.GT]}},
	Title = {Modular framizations of the {BMW} algebra},
	Year = {2010}}

@article{Tenner.B:A,
	Author = {Bridget Eileen Tenner},
	Journal = {J. Algebraic Combin.},
	Number = {3},
	Pages = {263--284},
	Title = {Reduced decompositions and permutation patterns},
	Volume = {24},
	Year = {2006}}

@article{Smith.J:A,
	Author = {Jennifer Christian Smith},
	Journal = {Mathematical Behavior},
	Pages = {73--90},
	Title = {A sense-making approach to proof: Strategies of students in traditional and problem-based number theory courses},
	Volume = {25},
	Year = {2006}}

@article{Schoenfeld.A:A,
	Author = {Alan H. Schoenfeld},
	Journal = {Educational Psychologist},
	Number = {2},
	Title = {{When Good Teaching Lead to Bad Results: The Disasters of "Well Taught" Mathematics Courses}},
	Volume = {23},
	Year = {1988}}

@article{Weber.K:A,
	Author = {Keith Weber},
	Journal = {MAA Online},
	Title = {Student's Difficulties with Proof},
	Year = {2003}}

@article{Rasmussen.C;Kwon.O;Allen.K:A,
	Author = {Chris Rasmussen and Oh Nam Kwon and Karen Allen and Karen Marrongelle and March Burtch},
	Journal = {Asia Pacific Education Review},
	Number = {1},
	Pages = {85--93},
	Title = {{Capitalizing on Advances in Mathematics and K--12 Mathematics Education in Undergraduate Mathematics: An Inquiry-Orienty Approach to Differential Equations}},
	Volume = {7},
	Year = {2006}}

@article{Macauley.M;Mortveit.H:C,
	Author = {M. Macauley and H.S. Mortveit},
	Journal = {draft},
	Title = {Coxeter {G}roups and {A}synchronous {C}ellular {A}utomata},
	Year = {2010}}

@article{Ernst.D:D,
	Author = {D.C. Ernst},
	Journal = {coming soon....},
	Title = {Diagram calculus for an affine ${C}$ {T}emperley--{L}ieb algebra, {II}},
	Year = {2010}}

@article{Jones.B:C,
	Author = {B.C. Jones},
	Journal = {DMTCS proc.},
	Title = {Deodhar Elements in {K}azhdan--{L}usztig Theory},
	Year = {2008}}

@article{Blau.H:A,
	Author = {Harvey L. Blau},
	Journal = {J. Algebraic Combin.},
	Title = {Association schemes, fusion rings, $C$-algebras, and reality-based algebras where all nontrivial multiplicities are equal},
	Year = {2009}}

@article{Eriksson.H;Eriksson.K:C,
	Author = {H. Eriksson and K. Eriksson},
	Journal = {Elect. J. Comb.},
	Title = {Affine {W}eyl groups as infinite permutations},
	Volume = {5},
	Year = {1998}}

@article{Peterson.E:B,
	Author = {E. Peterson},
	Journal = {PRIMUS},
	Number = {1},
	Pages = {18--28},
	Title = {Using a Wiki to Enchance Cooperative Learning in a Real Analysis Course},
	Volume = {19},
	Year = {2009}}

@inproceedings{Stembridge.J:C,
	Author = {J.R. Stembridge},
	Booktitle = {Interaction of combinatorics and representation theory},
	Pages = {1--38},
	Publisher = {MSJ Mem., Math. Soc. Japan},
	Title = {Computational Aspects of Root Systems, {C}oxeter Groups, and {W}eyl Characters},
	Volume = {11},
	Year = {2001}}

@article{Yudin.I:A,
	Author = {Ivan Yudin},
	Journal = {{\tt arXiv:1001.2504v1 [math.GR]}},
	Title = {Presentation for parabolic subgroups of $\mathrm{GL}_n(\matbb{F}_2)$},
	Year = {2010}}

@article{Boothby.T;Burkert.J;Eichwald.M:A,
	Author = {T. Boothby and J. Burkert and M. Eichwald and D.C. Ernst and R.M. Green and M. Macauley},
	Journal = {Submitted to \textit{Proc. Amer. Math. Soc.}},
	Title = {On the cyclically fully commuative elements of {C}oxeter groups},
	Year = {2009}}

@article{Ernst.D:C,
	Author = {D.C. Ernst},
	Journal = {{\tt arXiv:0910.0925 [math.QA]}},
	Title = {Diagram calculus for an affine ${C}$ {T}emperley--{L}ieb algebra, {I}},
	Year = {2009}}

@phdthesis{Denoncourt.H:A,
	Author = {H. Denoncourt},
	School = {University of Colorado at Boulder},
	Title = {Some combinatorial models for reduced expressions in {C}oxeter groups},
	Year = {2009}}

@article{Ernst.D:B,
	Author = {D.C. Ernst},
	Journal = {Int. Electron. J. Algebra},
	Pages = {191-218},
	Title = {Non-cancellable elements in type affine ${C}$ {C}oxeter groups},
	Volume = {8},
	Year = {2010}}

@article{Fan.C:B,
	Author = {C.K. Fan},
	Journal = {Transform. Groups},
	Number = {1},
	Pages = {51--56},
	Title = {Schubert varieties and short braidedness},
	Volume = {3},
	Year = {1998}}

@article{Dynkin.E;Minchenko.A:A,
	Author = {E.B. Dynkin and A.N. Minchenko},
	Journal = {{\tt arXiv:0909.2289v1}},
	Title = {Enhanced {D}ynkin diagrams and {W}eyl orbits I},
	Year = {2009}}

@article{Reading.N;Speyer.D:B,
	Author = {Nathan Reading and David E. Speyer},
	Journal = {{\tt arXiv:0907.2849v1 [math.CO]}},
	Title = {Sortable elements for quivers with cycles},
	Year = {2009}}

@article{Ehrenborg.R;Slone.M:A,
	Author = {Richard Ehrenborg and Michael Slone},
	Journal = {{\tt arXiv:0907.0046v1 [math.CO]} (to appear in Order)},
	Title = {A geometric approach to acyclic orientations},
	Year = {2009}}

@article{Macauley.M;Mortveit.H:B,
	Author = {M. Macauley and H. Mortveit},
	Journal = {Proc. Amer. Math. Soc.},
	Number = {12},
	Pages = {4157--4165},
	Title = {On enumeration of conjugacy classes of {C}oxeter elements},
	Volume = {136},
	Year = {2008}}

@phdthesis{Eriksson.H:A,
	Address = {Stockholm, Sweden},
	Author = {H. Eriksson},
	School = {KTH},
	Title = {Computational and combinatorial aspects of {C}oxeter groups},
	Year = {1994}}

@article{Little.D:A,
	Author = {D.P. Little},
	Journal = {Adv. Math.},
	Number = {2},
	Pages = {236--253},
	Title = {Combinatorial aspects of the {L}ascoux--Sch\"{u}tzenberger tree},
	Volume = {174},
	Year = {2003}}

@article{Macauley.M;Mortveit.H:A,
	Author = {M. Macauley and H. Mortveit},
	Journal = {Discrete Math.},
	Title = {Combinatorial {P}roperties of {A}dmissible {S}equences and {A}pplications},
	Year = {2009}}

@article{Kleiner.M;Pelley.A:B,
	Author = {M. Kleiner and A. Pelley},
	Journal = {Int. Math. Res. Not.},
	Number = {rnm013},
	Pages = {rnm013--27},
	Title = {Preprojective representations of valued quivers and reduced words in the {W}eyl group of a {K}ac--{M}oody algebra},
	Volume = {2007},
	Year = {2007}}

@article{Kleiner.M;Pelley.A:A,
	Author = {M. Kleiner and A. Pelley},
	Journal = {{\tt arXiv:math/0607001v1}},
	Title = {Admissible sequences, preprojective modules, and reduced words in the {W}eyl group of a quiver},
	Year = {2006}}

@article{Krammer.D:A,
	Author = {D. Krammer},
	Journal = {Groups, Geometry, and Dynamics},
	Pages = {71--171},
	Title = {The conjugacy problem for {C}oxeter groups},
	Volume = {3},
	Year = {2009}}

@article{Reiner.V;Stanton.D;White.D:A,
	Author = {V. Reiner and D. Stanton and D. White},
	Journal = {J. Comb. Theory},
	Title = {The cyclic sieving phenomenon},
	Volume = {108},
	Year = {2004}}

@article{Armstrong.D:A,
	Author = {D. Armstrong},
	Journal = {to appear in Memoirs of the A.M.S.},
	Title = {Generalized noncrossing partitions and combinatorics of {C}oxeter groups}}

@unpublished{Cohen.A:B,
	Author = {A.M. Cohen},
	Title = {Recent {R}esults on {C}oxeter {G}roups},
	Year = {1993}}

@article{Kyle.T;Serrano.L:A,
	Author = {T. Kyle and L. Serrano},
	Journal = {{\tt arXiv:0905.2650v1}},
	Title = {Cyclic sieving for longest reduced words in the hyperoctahedral group},
	Year = {2009}}

@article{Eriksson.H;Eriksson.K:B,
	Author = {H. Eriksson and K. Eriksson},
	Journal = {{\tt arXiv:0811.4380v1}},
	Title = {Words with intervening neighbours in infinite {C}oxeter groups are reduced},
	Year = {2008}}

@unpublished{Cohen.A:A,
	Author = {A.M. Cohen},
	Title = {Coxeter groups},
	Year = {2007}}

@article{Reading.N;Speyer.D:A,
	Author = {N. Reading and D. Speyer},
	Journal = {{\tt arXiv:0803.2722v2}},
	Title = {Sortable elements in infinite {C}oxeter groups},
	Year = {2008}}

@article{Speyer.D:A,
	Author = {D. Speyer},
	Journal = {Proc. Amer. Math. Soc.},
	Pages = {1295--1302},
	Title = {Powers of {C}oxeter elements in infinite groups are reduced},
	Volume = {137},
	Year = {2009}}

@article{Green.R:V,
	Author = {R.M. Green},
	Journal = {J. Algebra},
	Pages = {27--64},
	Title = {Tabular algebras and their asymptotic versions},
	Volume = {252},
	Year = {2002}}

@article{Gill.R:A,
	Author = {R. Gill},
	Journal = {Discrete Mathematics},
	Pages = {139--152},
	Title = {On posets from conjugacy classes from {C}oxeter groups},
	Volume = {216},
	Year = {2000}}

@article{Gunnells.P:A,
	Author = {P.E. Gunnells},
	Journal = {Notices},
	Number = {5},
	Title = {Cells in {C}oxeter groups},
	Volume = {53},
	Year = {2006}}

@article{Qi.D:A,
	Author = {D. Qi},
	Journal = {Expo. Math.},
	Pages = {87--91},
	Title = {A note on irreducible, infinite {C}oxeter groups},
	Volume = {27},
	Year = {2009}}

@article{Geck.M;Pfeiffer.G:B,
	Author = {M. Geck and G. Pfeiffer},
	Journal = {Adv. Math.},
	Pages = {79--94},
	Title = {On the irreducible characters of {H}ecke algebras},
	Volume = {102},
	Year = {1993}}

@article{Gier.J;Nichols.A:A,
	Author = {J. Gier and A. Nichols},
	Journal = {J. Algebra},
	Number = {4},
	Pages = {1132--1167},
	Title = {The two-boundary {T}emperley--{L}ieb algebra},
	Volume = {321},
	Year = {2009}}

@article{Pretzel.O:A,
	Author = {O. Pretzel},
	Journal = {Order},
	Number = {2},
	Pages = {135--153},
	Title = {On reorienting graphs by pushing down maximal vertices},
	Volume = {3},
	Year = {1986}}

@article{Eriksson.H;Eriksson.K:A,
	Author = {H. Eriksson and K. Eriksson},
	Journal = {Elect. J. Comb.},
	Number = {2},
	Title = {Conjugacy of {C}oxeter elements},
	Volume = {16},
	Year = {2009}}

@article{Adin.R;Firer.M;Roichman.Y:A,
	Author = {Ron M. Adin and Marcelo Firer and Yuval Roichman},
	Journal = {{\tt arXiv:0901.4299}},
	Title = {{Triangle-Free Triangulations}},
	Year = {2009}}

@phdthesis{Ernst.D:A,
	Author = {D.C. Ernst},
	School = {University of Colorado at Boulder},
	Title = {A diagrammatic representation of an affine ${C}$ {T}emperley--{L}ieb algebra},
	Year = {2008}}

@article{Shi.J:C,
	Author = {J.Y. Shi},
	Journal = {J. Algebra},
	Pages = {13--36},
	Title = {Fully commutative elements in the {W}eyl and affine {W}eyl groups},
	Volume = {284},
	Year = {2005}}

@book{Geck.M;Pfeiffer.G:A,
	Author = {M. Geck and G. Pfeiffer},
	Publisher = {Oxford University Press},
	Title = {Characters of finite {C}oxeter groups and {I}wahori--{H}ecke algebras},
	Year = {2000}}

@article{Matsumoto.H:A,
	Author = {H. Matsumoto},
	Journal = {C. R. Acad. Sci. Paris},
	Pages = {3419--3422},
	Title = {G\'en\'erateurs et relations des groupes de {W}eyl g\'en\'eralis\'es},
	Volume = {258},
	Year = {1964}}

@incollection{Lusztig.G:A,
	Address = {Tokyo and Amsterdam},
	Author = {G. Lusztig},
	Booktitle = {Algebraic groups and related topics},
	Pages = {255--287},
	Publisher = {Adv. Studies Pure Math 6, North-Holland and Kinokuniya},
	Title = {Cells in affine {W}eyl groups, {I}},
	Year = {1985}}

@article{Cartier.P;Foata.D:A,
	Author = {P. Cartier and D. Foata},
	Journal = {Lecture Notes in Mathematics, Springer-Verlag, New York/Berlin},
	Title = {Probl\`emes combinatoires de commutation et r\'earrangements},
	Volume = {85},
	Year = {1969}}

@inbook{Tits.J:A,
	Address = {London},
	Author = {J. Tits},
	Pages = {175--185},
	Publisher = {Academic Press},
	Title = {Le probl\`eme des mots dans les groupes de {C}oxeter},
	Volume = {1},
	Year = {1967/68}}

@book{Bjorner.A;Brenti.F:A,
	Address = {New York},
	Author = {A. Bj\"{o}rner and F. Brenti},
	Publisher = {Springer},
	Title = {Combinatorics of {C}oxeter groups},
	Year = {2005}}

@article{Verlinde.E:A,
	Author = {E. Verlinde},
	Journal = {Nuclear Phys. B},
	Number = {360--376},
	Title = {Fusion rules and modular transformation in 2{D} conformal field theory},
	Volume = {300},
	Year = {1988}}

@article{Jones.V:A,
	Author = {V.F.R. Jones},
	Journal = {{\tt arXiv:math/9909027v1}},
	Title = {Planar algebras, {I}},
	Year = {1999}}

@article{Abramsky.S:A,
	Author = {S. {A}bramsky},
	Journal = {Unknown},
	Title = {Temperley--Lieb algebra: from knot theory to logic and computation via quantum mechanics},
	Year = {2007}}

@article{Dupont.G:A,
	Author = {G. Dupont},
	Journal = {{\tt arXiv:0801.3964v1}},
	Title = {Cluster multiplication in stable tubes via generalized {C}hebyshev polynomials},
	Year = {2008}}

@unpublished{Krattenthaler.C:A,
	Author = {C. Krattenthaler},
	Note = {Appendix in {C}ommutation and rearrangements},
	Title = {The theory of heaps and the {C}artier--{F}oata monoid},
	Year = {2006}}

@article{Peterson.E:A,
	Author = {E. Peterson},
	Journal = {{\tt arXiv:0712.205v1}},
	Title = {A not-so-characteristic equation: {T}he art of linear algebra},
	Year = {2007}}

@article{Larson.D;Massopust.P:A,
	Author = {D. Larson and P. Massopust},
	Journal = {{\tt arXiv:0710.3655v1}},
	Title = {Coxeter groups and wavelet sets}}

@article{Billey.S;Warrington.G:A,
	Author = {S.C. Billey and G.S. Warrington},
	Journal = {J. Algebraic Combin.},
	Pages = {111--136},
	Title = {Kazhdan--{L}usztig polynomials for 321-hexagon-avoiding permutations},
	Volume = {13},
	Year = {2001}}

@article{MacLarnan.T;Warrington.G:A,
	Author = {T.J. MacLarnan and G.S. Warrington},
	Journal = {Represent. Theory},
	Pages = {181--195},
	Title = {Counterexamples to the 0--1 conjecture},
	Volume = {7},
	Year = {2003}}

@article{Green.R;Martin.P;Parker.A:A,
	Author = {R.M. Green and P.P. Martin and A.E. Parker},
	Journal = {{\tt arXiv:0807.4101v1}},
	Title = {On the non-generic representation theory of the symplectic blob algebra},
	Year = {2008}}

@article{Fan.C:A,
	Author = {C.K. Fan},
	Journal = {J. Amer. Math. Soc.},
	Pages = {139--167},
	Title = {Structure of a {H}ecke algebra quotient},
	Volume = {10},
	Year = {1997}}

@article{Shi.J:A,
	Author = {J.Y. Shi},
	Journal = {Proc. Amer. Math. Soc.},
	Pages = {2525--2531},
	Title = {Fully commutative elements and {K}azhdan--{L}usztig cells in the finite and affine {C}oxeter groups, {II}},
	Volume = {133},
	Year = {2005}}

@article{Shi.J:B,
	Author = {J.Y. Shi},
	Journal = {Proc. Amer. Math. Soc.},
	Pages = {3371--3378},
	Title = {Fully commutative elements and {K}azhdan--{L}usztig cells in the finite and affine {C}oxeter groups},
	Volume = {131},
	Year = {2003}}

@inproceedings{Viennot.G:A,
	Author = {G.X. Viennot},
	Booktitle = {Combinatoire \'E\-nu\-m\'e\-ra\-tive},
	Editor = {G. Labelle and P. Leroux},
	Pages = {321--350},
	Publisher = {Springer-Verlag},
	Title = {Heaps of pieces, {I}: basic definitions and combinatorial lemmas},
	Year = {1986}}

@article{Temperley.H;Lieb.E:A,
	Author = {H.N.V. Temperley and E.H. Lieb},
	Journal = {Proc. Roy. Soc. London Ser. A},
	Pages = {251--280},
	Title = {Relations between percolation and colouring problems and other graph theoretical problems associated with regular planar lattices: some exact results for the percolation problem},
	Volume = {322},
	Year = {1971}}

@inproceedings{Penrose.R:A,
	Author = {R. Penrose},
	Booktitle = {Quantum Theory and Beyond, E. Bastin, Ed.},
	Pages = {151--180},
	Publisher = {Cambridge University Press},
	Title = {Angular momentum: {A}n approach to combinatorial space-time},
	Year = {1971}}

@article{Martin.P;Saleur.H:A,
	Author = {P.P. Martin and H. Saleur},
	Journal = {Lett. Math. Phys.},
	Pages = {189--206},
	Title = {The blob algebra and the periodic {T}emperley--{L}ieb algebra},
	Volume = {30 (3)},
	Year = {1994}}

@article{Kazhdan.D;Lusztig.G:A,
	Author = {D. Kazhdan and G. Lusztig},
	Journal = {Invent. Math.},
	Pages = {165--184},
	Title = {Representations of {C}oxeter groups and {H}ecke algebras},
	Volume = {53},
	Year = {1979}}

@article{Jones.B:A,
	Author = {B.C. Jones},
	Journal = {J. Algebraic Combin.},
	Number = {2},
	Pages = {229--260},
	Title = {Leading coefficients of {K}azhdan---{L}usztig polynomials for {D}eodhar elements},
	Volume = {29},
	Year = {2009}}

@article{Jones.V:B,
	Author = {V.F.R. Jones},
	Journal = {Ann. of Math. 2},
	Pages = {335--388},
	Title = {Hecke algebra representations of braid groups and link polynomials},
	Volume = {126},
	Year = {1987}}

@book{Humphreys.J:A,
	Author = {J.E. Humphreys},
	Publisher = {Cambridge University Press},
	Title = {Reflection Groups and Coxeter Groups},
	Year = {1990}}

@phdthesis{Graham.J:A,
	Author = {J.J. Graham},
	School = {University of Sydney},
	Title = {Modular representations of {H}ecke algebras and related algebras},
	Year = {1995}}

@article{Dieck.T:A,
	Author = {T. tom Dieck},
	Journal = {Topology Appl.},
	Pages = {21--38},
	Title = {Bridges with pillars: a graphical calculus of knot algebra},
	Volume = {78},
	Year = {1997}}

@article{Bergman.G:A,
	Author = {G.M. Bergman},
	Journal = {Adv. Math.},
	Pages = {178--218},
	Title = {The diamond lemma for ring theory},
	Volume = {29},
	Year = {1978}}

@article{Kauffman.L:A,
	Author = {L.H. Kauffman},
	Journal = {Trans. Amer. Math. Soc.},
	Pages = {417--471},
	Title = {An invariant of regular isotopy},
	Volume = {318},
	Year = {1990}}

@article{Kauffman.L:B,
	Author = {L.H. Kauffman},
	Journal = {Topology},
	Pages = {395--407},
	Title = {State models and the {J}ones polynomial},
	Volume = {26},
	Year = {1987}}

@article{Arad.Z;Blau.H:A,
	Author = {Z. Arad and H.I. Blau},
	Journal = {J. Algebra},
	Pages = {137--185},
	Title = {On Table Algebras and Applications to Finite Group Theory},
	Volume = {138},
	Year = {1991}}

@article{Billey.S;Jones.B:A,
	Author = {S.C. Billey and B.C. Jones},
	Journal = {Ann. Comb.},
	Number = {3--4},
	Pages = {285--333},
	Title = {Embedded factor patterns for {D}eodhar elements in {K}azhdan--{L}usztig theory},
	Volume = {11},
	Year = {2007}}

@article{Jones.B:B,
	Author = {B.C. Jones},
	Journal = {{\tt arXiv:0704.3067}},
	Title = {{K}azhdan--{L}usztig polynomials for maximally-clustered hexagon-avoiding permutations},
	Year = {2007}}

@article{Green.R:A,
	Author = {R.M. Green},
	Journal = {{\tt arXiv:math/0112131v1}},
	Title = {On 321-avoiding permutations in affine {W}eyl groups},
	Year = {2001}}

@article{Green.R:B,
	Author = {R.M. Green},
	Journal = {J. Algebraic Combin.},
	Pages = {173--196},
	Title = {Acyclic heaps of pieces, {I}},
	Volume = {19},
	Year = {2004}}

@article{Green.R:C,
	Author = {R.M. Green},
	Journal = {Glasgow Math. J.},
	Pages = {459--476},
	Title = {Acyclic heaps of pieces, {II}},
	Volume = {46},
	Year = {2004}}

@article{Doty.S;Green.R:A,
	Author = {Steve Doty and R.M. Green},
	Journal = {{\tt arXiv:math/0603002v1}},
	Title = {Presenting affine q-Schur algebras},
	Year = {2006}}

@article{Green.R:D,
	Author = {R.M. Green},
	Journal = {{\tt arXiv:q-alg/9705015v2}},
	Title = {The affine q-Schur algebra},
	Year = {1998}}

@article{Fan.C;Green.R:A,
	Author = {C.K. Fan and R.M. Green},
	Journal = {Jour. L.M.S.},
	Pages = {366--380},
	Title = {On the affine {T}emperley--{L}ieb algebras},
	Volume = {60},
	Year = {1999}}

@article{Green.R;Losonczy.J:A,
	Author = {R.M. Green and J. Losonczy},
	Journal = {Math. Res. Lett.},
	Pages = {213--222},
	Title = {Canonical bases for {H}ecke algebra quotients},
	Volume = {6},
	Year = {1999}}

@article{Green.R:E,
	Author = {R.M. Green},
	Journal = {Glasgow Mathematical Journal},
	Title = {Categories arising from tabular algebras},
	Year = {2002}}

@article{Green.R;Martin.P:A,
	Author = {R.M. Green and P.P. Martin},
	Journal = {Journal of Pure and Applied Algebra},
	Title = {Constructing cell data for diagram algebras},
	Year = {2006}}

@article{Green.R:F,
	Author = {R.M. Green},
	Journal = {Math. Zeit.},
	Pages = {365--383},
	Title = {Cellular algebras arising from {H}ecke algebras of type ${H}_n$},
	Volume = {229},
	Year = {1998}}

@article{Green.R:G,
	Author = {R.M. Green},
	Journal = {Communications in Algebra},
	Title = {Completions of cellular algebras},
	Year = {1999}}

@article{Borovik.A;Gelfand.I;White.N:A,
	Author = {Alexandre Borovik and Israel Gelfand and Neil White},
	Journal = {Unknown},
	Title = {Coxeter matroid polytopes},
	Year = {1997}}

@article{Green.R:H,
	Author = {R.M. Green},
	Journal = {J. Algebra},
	Pages = {594--628},
	Title = {Decorated tangles and canonical bases},
	Volume = {246},
	Year = {2001}}

@article{Green.R;Losonczy.J:B,
	Author = {R.M. Green and J. Losonczy},
	Journal = {Ann. Inst. Fourier Grenoble},
	Pages = {1025--1045},
	Title = {Fully commutative {K}azhdan--{L}usztig cells},
	Volume = {51},
	Year = {2001}}

@article{Green.R;Losonczy.J:C,
	Author = {R.M. Green and J. Losonczy},
	Journal = {{\tt arXiv:math/0301104v2}},
	Title = {Freely braided elements in Coxeter groups},
	Year = {2003}}

@article{Green.R;Losonczy.J:D,
	Author = {R.M. Green and J. Losonczy},
	Journal = {Advances in Applied Mathematics},
	Title = {Freely braided elements in Coxeter groups, II},
	Year = {2003}}

@article{Green.R:I,
	Author = {R.M. Green},
	Journal = {{\tt arXiv:math/0608123v2}},
	Title = {Full heaps and representations of affine Weyl groups},
	Year = {2006}}

@article{Green.R:J,
	Author = {R.M. Green},
	Journal = {{\tt arXiv:math/0605768v3}},
	Title = {Full heaps and representations of affine Kac--Moody algebras},
	Year = {2007}}

@article{Green.R:K,
	Author = {R.M. Green},
	Journal = {J. Pure Appl. Alg.},
	Pages = {744--772},
	Title = {Generalized {J}ones traces and {K}azhdan--{L}usztig bases},
	Volume = {211},
	Year = {2007}}

@article{Green.R:L,
	Author = {R.M. Green},
	Journal = {J. Knot Th. Ramif.},
	Pages = {237--264},
	Title = {On the {M}arkov trace for {T}emperley--{L}ieb algebras of type ${E}_n$},
	Volume = {18},
	Year = {2009}}

@article{Green.R:Q,
	Author = {R.M. Green},
	Journal = {{\tt arXiv:math/0703435v1}},
	Title = {On the maximally clustered elements of {C}oxeter groups},
	Year = {2007}}

@article{Green.R:R,
	Author = {R.M. Green},
	Journal = {Algebras and Representation Theory},
	Pages = {419--440},
	Title = {Standard modules for tabular algebras},
	Volume = {7},
	Year = {2004}}

@article{Green.R:M,
	Author = {R.M. Green},
	Journal = {J. Algebra},
	Pages = {126--150},
	Title = {On planar algebras arising from hypergroups},
	Volume = {263},
	Year = {2003}}

@article{Green.R;Losonczy.J:E,
	Author = {R.M. Green and J. Losonczy},
	Journal = {Int Math Res Notices},
	Pages = {23--34},
	Title = {A projection property for {K}azhdan--{L}usztig bases},
	Volume = {1},
	Year = {2000}}

@article{Green.R:S,
	Author = {R.M. Green},
	Journal = {J. Comb. Theory},
	Pages = {411--424},
	Title = {On rank functions for heaps},
	Volume = {102},
	Year = {2003}}

@article{Green.R:T,
	Author = {R.M. Green},
	Journal = {{\tt arXiv:0704.2254v1}},
	Title = {Representations of {L}ie algebras arising from polytopes},
	Year = {2007}}

@article{Green.R:U,
	Author = {R.M. Green},
	Journal = {Pacific J. of Math},
	Pages = {243--273},
	Title = {On representations of affine {T}emperley--{L}ieb algebras, {II}},
	Volume = {191},
	Year = {1999}}

@article{Albar.M;Al-Hamid.M:A,
	Author = {M.A. Albar and M.A. Al-Hamid},
	Journal = {Math. Proceedings of the Royal Irish Academy},
	Pages = {39--45},
	Title = {The affine {W}eyl group of type $\widetilde{C}_{n-1}$},
	Volume = {100A 1},
	Year = {2000}}

@article{Green.R:N,
	Author = {R.M. Green},
	Journal = {J. Knot Th. Ram.},
	Pages = {155--171},
	Title = {Generalized {T}emperley--{L}ieb algebras and decorated tangles},
	Volume = {7},
	Year = {1998}}

@mastersthesis{Green.R:O,
	Author = {R.M. Green},
	School = {University of Warwick},
	Title = {Cells and representations of Hecke algebras},
	Year = {1993}}

@article{Paris.L:A,
	Author = {Luis Paris},
	Journal = {{\tt arXiv:math/0412214v2}},
	Title = {Irreducible {C}oxeter groups},
	Year = {2007}}

@article{Hagiwara.M;Ishikawa.M;Tagawa.H:A,
	Author = {Manabu Hagiwara and Massao Ishikawa and Hiroyuki Tagawa},
	Journal = {Formal Power Series and Algebraic Combinatorics},
	Title = {A characterization of the simply-laced FC-finite Coxeter groups},
	Year = {2004}}

@article{Stembridge.J:A,
	Author = {J.R. Stembridge},
	Journal = {J. Algebraic Combin.},
	Title = {The enumeration of fully commutative elements of {C}oxeter groups},
	Year = {1998}}

@article{Stembridge.J:B,
	Author = {J.R. Stembridge},
	Journal = {J. Algebraic Combin.},
	Pages = {353--385},
	Title = {On the fully commutative elements of {C}oxeter groups},
	Volume = {5},
	Year = {1996}}

@article{Ariki.S:A,
	Author = {Susumu Ariki},
	Journal = {{\tt arXiv:0708.0446v2}},
	Title = {Finite dimensional Hecke algebras},
	Year = {2007}}

@article{Martin.P;Green.R;Parker.A:A,
	Author = {P.P. Martin and R.M. Green and A.E. Parker},
	Journal = {J. Algebra},
	Pages = {392--452},
	Title = {Towers of recollement and bases for diagram algebras: planar diagrams and a little beyond},
	Volume = {316},
	Year = {2007}}

@article{Green.R:P,
	Author = {R.M. Green},
	Journal = {Glasgow Math. J.},
	Pages = {583--609},
	Title = {Star reducible {C}oxeter groups},
	Volume = {48},
	Year = {2006}}

@article{Larson.D;Massopust.P;Olafsson.G:A,
	Author = {D. Larson and P. Massopust and G. Olafsson},
	Journal = {{\tt arXiv:0710.3520v1}},
	Title = {Three-way tiling sets in two dimensions}}

@article{Hosaka.T:A,
	Author = {Tetsuya Hosaka},
	Journal = {{\tt arXiv:math/0510510v1}},
	Title = {On the center of a coxeter group},
	Year = {2005}}

@unpublished{Baez.J:A,
	Author = {John Baez},
	Note = {Rambling lectures},
	Title = {Braids and quantization},
	Year = {1992}}
