Automatically generated by Mendeley Desktop 1.13.8
Any changes to this file will be lost if it is regenerated by Mendeley.

BibTeX export options can be customized via Preferences -> BibTeX in Mendeley Desktop

@phdthesis{Eriksson1994,
author = {Eriksson, H.},
booktitle = {PhD Thesis},
title = {{Computational and combinatorial aspects of Coxeter groups}},
year = {1994}
}
@article{Stembridge1996,
author = {Stembridge, J.R.},
journal = {J. Algebr. Comb.},
keywords = {coxeter group,fully commutative},
pages = {353--385},
title = {{On the fully commutative elements of Coxeter groups}},
volume = {5},
year = {1996}
}
@book{Humphreys1990,
author = {Humphreys, J.E.},
booktitle = {Book},
title = {{Reflection Groups and Coxeter Groups}},
year = {1990}
}
@article{Eriksson2009,
author = {Eriksson, H. and Eriksson, K.},
journal = {Elect. J. Comb.},
number = {2},
title = {{Conjugacy of Coxeter elements}},
volume = {16},
year = {2009}
}
@article{Jones2009,
author = {Jones, B.C.},
journal = {J. Algebr. Comb.},
number = {2},
pages = {229--260},
title = {{Leading coefficients of Kazhdan--Lusztig polynomials for Deodhar elements}},
volume = {29},
year = {2009}
}
@article{Boothby2012,
annote = {This is draft 6.6.11.},
archivePrefix = {arXiv},
arxivId = {1202.6657},
author = {Boothby, T. and Burkert, J. and Eichwald, M. and Ernst, D.C. and Green, R.M. and Macauley, M.},
eprint = {1202.6657},
journal = {J. Algebr. Comb.},
number = {1},
pages = {123--148},
title = {{On the cyclically fully commuative elements of Coxeter groups}},
url = {http://arxiv.org/abs/1202.6657},
volume = {36},
year = {2012}
}
@article{Billey2007,
author = {Billey, S.C. and Jones, B.C.},
journal = {Ann. Comb.},
number = {3--4},
pages = {285--333},
title = {{Embedded factor patterns for Deodhar elements in Kazhdan--Lusztig theory}},
volume = {11},
year = {2007}
}
@article{Eriksson2010,
archivePrefix = {arXiv},
arxivId = {0811.4380v1},
author = {Eriksson, H. and Eriksson, K.},
eprint = {0811.4380v1},
journal = {Elect. J. Comb.},
number = {1},
pages = {{\#}N9},
title = {{Words with intervening neighbours in infinite Coxeter groups are reduced}},
volume = {17},
year = {2010}
}
@book{Geck2000,
author = {Geck, M. and Pfeiffer, G.},
booktitle = {Book},
title = {{Characters of finite Coxeter groups and Iwahori--Hecke algebras}},
year = {2000}
}
@article{Tenner2007,
author = {Tenner, B.E.},
journal = {J. Comb. Theory, Ser. A},
pages = {888--905},
title = {{Pattern Avoidance and the Bruhat Order}},
volume = {114},
year = {2007}
}
@misc{sage,
author = {Stein, W.A.},
howpublished = {\url{http://sagemath.org}},
publisher = {The Sage Development Team},
title = {{Sage Mathematics Software (Version 6.1.1)}},
url = {http://sagemath.org},
year = {2014}
}
@article{Ernst2010,
archivePrefix = {arXiv},
arxivId = {0910.0923},
author = {Ernst, D.C.},
eprint = {0910.0923},
journal = {Int. Electron. J. Algebr.},
pages = {191--218},
title = {{Non-cancellable elements in type affine $C$ Coxeter groups}},
url = {http://arxiv.org/abs/0910.0923},
volume = {8},
year = {2010}
}
@article{Kleiner2006,
archivePrefix = {arXiv},
arxivId = {math/0607001},
author = {Kleiner, Mark and Pelley, Allen},
eprint = {0607001},
journal = {Math. Fac. Scholarsh. {\tt (http//surface.syr.edu/mat/76)}},
primaryClass = {math},
title = {{Admissible sequences, preprojective modules, and reduced words in the Weyl group of a quiver}},
url = {http://arxiv.org/abs/math/0607001},
volume = {Paper 76},
year = {2006}
}
@article{Speyer2009,
author = {Speyer, D.E.},
journal = {Proc. Amer. Math. Soc.},
pages = {1295--1302},
title = {{Powers of Coxeter elements in infinite groups are reduced}},
volume = {137},
year = {2009}
}
@article{Billey1993,
author = {Billey, S.C. and Jockusch, W. and Stanley, R.P.},
journal = {J. Algebr. Comb.},
number = {4},
pages = {345--374},
title = {{Some Combinatorial Properties of Schubert Polynomials}},
volume = {2},
year = {1993}
}
